[gd_scene load_steps=7 format=2]

[ext_resource path="res://assets/GFX/Environment/ground_grass.png" type="Texture" id=1]
[ext_resource path="res://assets/GFX/Environment/ground_sand.png" type="Texture" id=2]
[ext_resource path="res://assets/GFX/Environment/ground_snow.png" type="Texture" id=3]
[ext_resource path="res://assets/GFX/Environment/ground_grass_small.png" type="Texture" id=4]
[ext_resource path="res://assets/GFX/Environment/ground_sand_small.png" type="Texture" id=5]
[ext_resource path="res://assets/GFX/Environment/ground_snow_small.png" type="Texture" id=6]

[node name="Platforms" type="Node2D"]

[node name="BigPlatform1" type="Sprite" parent="." index="0"]

texture = ExtResource( 1 )
__meta__ = {
"_edit_group_": true
}

[node name="StaticBody2D" type="StaticBody2D" parent="BigPlatform1" index="0"]

input_pickable = false
collision_layer = 1
collision_mask = 1
constant_linear_velocity = Vector2( 0, 0 )
constant_angular_velocity = 0.0
friction = 1.0
bounce = 0.0

[node name="CollisionPolygon2D" type="CollisionPolygon2D" parent="BigPlatform1/StaticBody2D" index="0"]

build_mode = 0
polygon = PoolVector2Array( 186.939, -39.7497, 183.155, -43.8109, 176.972, -46.6648, -174.965, -46.9698, -186.697, -41.5547, -189.405, -34.3347, -189.996, -19.0768, -189.662, -13.7691, -164.073, 42.2827, -161.695, 44.661, -158.127, 46.8015, 0.979279, 41.3314, 156.043, 35.8614, 160.799, 33.2453, 190.29, -15.0337, 190.29, -33.8221 )

[node name="BigPlatform2" type="Sprite" parent="." index="1"]

position = Vector2( -2.05054, 137.387 )
texture = ExtResource( 2 )
__meta__ = {
"_edit_group_": true
}

[node name="StaticBody2D" type="StaticBody2D" parent="BigPlatform2" index="0"]

input_pickable = false
collision_layer = 1
collision_mask = 1
constant_linear_velocity = Vector2( 0, 0 )
constant_angular_velocity = 0.0
friction = 1.0
bounce = 0.0

[node name="CollisionPolygon2D" type="CollisionPolygon2D" parent="BigPlatform2/StaticBody2D" index="0"]

build_mode = 0
polygon = PoolVector2Array( 186.939, -39.7497, 183.155, -43.8109, 176.972, -46.6648, -174.965, -46.9698, -186.697, -41.5547, -189.405, -34.3347, -189.996, -19.0768, -189.662, -13.7691, -164.073, 42.2827, -161.695, 44.661, -158.127, 46.8015, 0.979279, 41.3314, 156.043, 35.8614, 160.799, 33.2453, 190.29, -15.0337, 190.29, -33.8221 )

[node name="BigPlatform3" type="Sprite" parent="." index="2"]

position = Vector2( 0, 278.875 )
texture = ExtResource( 3 )
__meta__ = {
"_edit_group_": true
}

[node name="StaticBody2D" type="StaticBody2D" parent="BigPlatform3" index="0"]

input_pickable = false
collision_layer = 1
collision_mask = 1
constant_linear_velocity = Vector2( 0, 0 )
constant_angular_velocity = 0.0
friction = 1.0
bounce = 0.0

[node name="CollisionPolygon2D" type="CollisionPolygon2D" parent="BigPlatform3/StaticBody2D" index="0"]

build_mode = 0
polygon = PoolVector2Array( 186.939, -39.7497, 183.155, -43.8109, 176.972, -46.6648, -174.965, -46.9698, -186.697, -41.5547, -189.405, -34.3347, -189.996, -19.0768, -189.662, -13.7691, -164.073, 42.2827, -161.695, 44.661, -158.127, 46.8015, 0.979279, 41.3314, 156.043, 35.8614, 160.799, 33.2453, 190.29, -15.0337, 190.29, -33.8221 )

[node name="SmallPlatform1" type="Sprite" parent="." index="3"]

position = Vector2( 435.321, -1.36038 )
texture = ExtResource( 4 )
__meta__ = {
"_edit_group_": true
}

[node name="StaticBody2D" type="StaticBody2D" parent="SmallPlatform1" index="0"]

input_pickable = false
collision_layer = 1
collision_mask = 1
constant_linear_velocity = Vector2( 0, 0 )
constant_angular_velocity = 0.0
friction = 1.0
bounce = 0.0

[node name="CollisionPolygon2D" type="CollisionPolygon2D" parent="SmallPlatform1/StaticBody2D" index="0"]

build_mode = 0
polygon = PoolVector2Array( 100.722, -16.9917, 101.303, -37.6748, 95.4504, -45.9653, 87.6476, -49.8667, -84.0145, -49.379, -94.2557, -46.453, -98.6448, -39.6255, -100.108, -30.8473, -99.6201, -19.6308, -77.6747, 41.3288, 73.0173, 50.107, 78.0706, 45.1716 )

[node name="SmallPlatform2" type="Sprite" parent="." index="4"]

position = Vector2( 443.523, 133.976 )
texture = ExtResource( 5 )
__meta__ = {
"_edit_group_": true
}

[node name="StaticBody2D" type="StaticBody2D" parent="SmallPlatform2" index="0"]

input_pickable = false
collision_layer = 1
collision_mask = 1
constant_linear_velocity = Vector2( 0, 0 )
constant_angular_velocity = 0.0
friction = 1.0
bounce = 0.0

[node name="CollisionPolygon2D" type="CollisionPolygon2D" parent="SmallPlatform2/StaticBody2D" index="0"]

build_mode = 0
polygon = PoolVector2Array( 100.722, -16.9917, 101.303, -37.6748, 95.4504, -45.9653, 87.6476, -49.8667, -84.0145, -49.379, -94.2557, -46.453, -98.6448, -39.6255, -100.108, -30.8473, -99.6201, -19.6308, -77.6747, 41.3288, 73.0173, 50.107, 78.0706, 45.1716 )

[node name="SmallPlatform3" type="Sprite" parent="." index="5"]

position = Vector2( 447.624, 267.262 )
texture = ExtResource( 6 )
__meta__ = {
"_edit_group_": true
}

[node name="StaticBody2D" type="StaticBody2D" parent="SmallPlatform3" index="0"]

input_pickable = false
collision_layer = 1
collision_mask = 1
constant_linear_velocity = Vector2( 0, 0 )
constant_angular_velocity = 0.0
friction = 1.0
bounce = 0.0

[node name="CollisionPolygon2D" type="CollisionPolygon2D" parent="SmallPlatform3/StaticBody2D" index="0"]

build_mode = 0
polygon = PoolVector2Array( 100.722, -16.9917, 101.303, -37.6748, 95.4504, -45.9653, 87.6476, -49.8667, -84.0145, -49.379, -94.2557, -46.453, -98.6448, -39.6255, -100.108, -30.8473, -99.6201, -19.6308, -77.6747, 41.3288, 73.0173, 50.107, 78.0706, 45.1716 )


